@misc{pacifictsunamimuseum,
  title   = {What Causes a Tsunami?},
  url     = {https://tsunami.org/what-causes-a-tsunami/},
  journal = {Pacific Tsunami Museum}
}