@misc{pacifictsunamimuseum,
  title   = {What Causes a Tsunami?},
  url     = {https://tsunami.org/what-causes-a-tsunami/},
  journal = {Pacific Tsunami Museum}
}

@book{sue_nokes_walters,
  url     = {https://www.eqc.govt.nz/sites/public_files/1596-Modelling-tsunami-generated-by-underwater-landslides.pdf},
  journal = {Civil Engineering Research Report},
  title   = {Modelling of Tsunami Generated By Underwater Landslides},
  author  = {Sue, Langford P and Nokes, Roger I and Walters, Roy A},
  pages   = {5}
}