@article{Kreminski,
    ISSN = {0025570X, 19300980},
    URL = {http://www.jstor.org/stable/27643107},
    author = {Rick Kreminski},
    journal = {Mathematics Magazine},
    number = {3},
    pages = {201},
    publisher = {Mathematical Association of America},
    title = {$\pi$ to Thousands of Digits from Vieta's Formula},
    volume = {81},
    year = {2008}
}