@misc{ambient_outdoor_air_pollution_2018,
  url       = {https://www.who.int/news-room/fact-sheets/detail/ambient-(outdoor)-air-quality-and-health},
  title     = {Ambient (outdoor) air pollution},
  publisher = {World Health Organization},
  year      = {2018},
  month     = {May}
}

@misc{paris_air_qual,
  url     = {https://www.paris.fr/pages/etat-des-lieux-de-la-qualite-de-l-air-a-paris-7101},
  title = {État de la qualité de l'air à Paris}
}

@article{sdg_report_2020,
  title   = {The Sustainable Development Goals Report 2020},
  doi     = {10.18356/214e6642-en},
  journal = {The Sustainable Development Goals Report},
  year    = {2020},
  pages   = {47}
}